@book{Gunter92,
  title={{Semantics of programming languages: Structures and Techniques}},
  author={Gunter, Carl A},
  year={1992},
  publisher={MIT press}
}

@article{Plotkin77,
  title={{LCF considered as a programming language}},
  author={Plotkin, Gordon D.},
  journal={Theoretical computer science},
  volume={5},
  number={3},
  pages={223--255},
  year={1977},
  publisher={Elsevier}
}

@book{Streicher06,
  title={{Domain-theoretic foundations of functional programming}},
  author={Streicher, Thomas},
  year = {2006},
  publisher={World Scientific}
}

@article{Scott93,
 author = {Scott, Dana S.},
 title = {{A Type-theoretical Alternative to ISWIM, CUCH, OWHY}},
 journal = {Theor. Comput. Sci.},
 issue_date = {Dec. 6, 1993},
 volume = {121},
 number = {1-2},
 month = dec,
 year = {1993},
 issn = {0304-3975},
 pages = {411--440},
 numpages = {30},
 url = {http://dx.doi.org/10.1016/0304-3975(93)90095-B},
 doi = {10.1016/0304-3975(93)90095-B},
 acmid = {170034},
 publisher = {Elsevier Science Publishers Ltd.},
 address = {Essex, UK}
} 

@incollection{Abramsky95,
 author = {Abramsky, Samson and Jung, Achim},
 chapter = {{Domain Theory}},
 title = {Handbook of Logic in Computer Science (Vol. 3)},
 editor = {Abramsky, Samson and Gabbay, Dov M. and Maibaum, T. S. E.},
 year = {1994},
 isbn = {0-19-853762-X},
 pages = {1--168},
 numpages = {168},
 publisher = {Oxford University Press},
 address = {Oxford, UK}
} 

@Unpublished{Hutton14,
author = {Hutton, G.},
title = {{Introduction to Domain Theory (Course Notes)}},
year = {2014}
}


@Unpublished{Murawski12,
author = {Murawski, A.},
title = {{Logical Relations}},
note = {{Course Notes from Midlands  Graduate School, Birmingham}},
year = {2012},
address = {Birmingham, UK}
}

@techreport{Milner73,
 author = {Milner, Robin},
 title = {{Models of LCF}},
 year = {1973},
 publisher = {Stanford University},
 address = {Stanford, CA, USA}
} 

@techreport{Milner72a,
 author = {Milner, Robin},
 title = {{Logic for Computable Functions: Description of a Machine Implementation}},
 year = {1972},
 publisher = {Stanford University},
 address = {Stanford, CA, USA}
} 

@article{Milner72b,
 author = {Milner, Robin},
 title = {{Implementation and Applications of Scott's Logic for Computable Functions}},
 journal = {SIGACT News},
 issue_date = {January 1972},
 number = {14},
 month = jan,
 year = {1972},
 issn = {0163-5700},
 pages = {1--6},
 numpages = {6},
 publisher = {ACM},
 address = {New York, NY, USA}
} 

@article{Milner72c,
  title={Proving compiler correctness in a mechanized logic},
  author={Milner, Robin and Weyhrauch, Richard},
  journal={Machine Intelligence},
  volume={7},
  pages={51--70},
  year={1972}
}

@book{Winskel93,
 author = {Winskel, Glynn},
 title = {The Formal Semantics of Programming Languages: An Introduction},
 year = {1993},
 isbn = {0-262-23169-7},
 publisher = {MIT Press},
 address = {Cambridge, MA, USA}
}

@article{Landin64,
  title={The mechanical evaluation of expressions},
  author={Landin, Peter J},
  journal={The Computer Journal},
  volume={6},
  number={4},
  pages={308--320},
  year={1964},
  publisher={Br Computer Soc}
}

@article{Landin65,
 author = {Landin, P. J.},
 title = {Correspondence Between ALGOL 60 and Church's Lambda-notation: Part I},
 journal = {Commun. ACM},
 issue_date = {Feb. 1965},
 volume = {8},
 number = {2},
 month = feb,
 year = {1965},
 issn = {0001-0782},
 pages = {89--101},
 numpages = {13},
 url = {http://doi.acm.org/10.1145/363744.363749},
 doi = {10.1145/363744.363749},
 acmid = {363749},
 publisher = {ACM},
 address = {New York, NY, USA}
}  

@misc{Plotkin81,
  title={A structural approach to operational semantics},
  author={Plotkin, Gordon D},
  year={1981},
  publisher={Computer Science Department, Aarhus University Aarhus, Denmark}
}

@article{Hoare69,
  title={An axiomatic basis for computer programming},
  author={Hoare, Charles Antony Richard},
  journal={Communications of the ACM},
  volume={12},
  number={10},
  pages={576--580},
  year={1969},
  publisher={ACM}
}

@book{Milner97,
  title={The Definition of Standard ML: Revised},
  author={Milner, R.},
  isbn={9780262631815},
  lccn={gb97053933},
  publisher={MIT Press},
  year={1997}
}

@article{Marlow10,
  title={Haskell 2010 language report},
  author={Marlow, Simon and others},
  year={2010}
}

@book{Nipkow02,
  title={Isabelle/HOL: a proof assistant for higher-order logic},
  author={Nipkow, Tobias and Paulson, Lawrence C and Wenzel, Markus},
  volume={2283},
  year={2002},
  publisher={Springer Science \& Business Media}
}

@incollection{Gordon00,
 author = {Gordon, Mike},
 chapter = {From LCF to HOL: A Short History},
 title = {Proof, Language, and Interaction},
 editor = {Plotkin, Gordon and Stirling, Colin and Tofte, Mads},
 year = {2000},
 isbn = {0-262-16188-5},
 pages = {169--185},
 numpages = {17},
 url = {http://dl.acm.org/citation.cfm?id=345868.345890},
 acmid = {345890},
 publisher = {MIT Press},
 address = {Cambridge, MA, USA}
} 

@article{Gordon73,
  title={Evaluation and denotation of pure LISP programs: a worked example in semantics},
  author={Gordon, Michael JC},
  year={1973},
  publisher={The University of Edinburgh}
}

@article{Tait67,
author = {Tait,W. W.},
title = {Intensional interpretations of functionals of finite type I},
journal = {The Journal of Symbolic Logic},
volume = {32},
issue = {02},
month = {8},
month = {8},
year = {1967},
issn = {1943-5886},
pages = {198--212},
numpages = {15}
}
@techreport{Plotkin73,
author = "Plotkin, Gordon D.",
title = "Lambda-Definability and Logical Relations",
type = "Memorandum",
number = "SAI--RM--4",
institution = "University of Edinburgh",
department = "School of Artificial Intelligence",
address = "Edinburgh, Scotland",
month = "October",
year = "1973"}

@article{Statman85,
title = "Logical relations and the typed Î»-calculus",
journal = "Information and Control",
volume = "65",
number = "2",
pages = "85 - 97",
year = "1985",
note = "",
issn = "0019-9958",
author = "R. Statman",
}

@article{Wright94,
title = "A Syntactic Approach to Type Soundness",
journal = "Information and Computation",
volume = "115",
number = "1",
pages = "38 - 94",
year = "1994",
note = "",
issn = "0890-5401",
author = "A.K. Wright and M. Felleisen"
}





